@book{arfken2013mathematical,
  title     = {\href{https://books.google.com.eg/books?id=qLFo_Z-PoGIC}{Mathematical Methods for Physicists: A Comprehensive Guide}},
  author    = {Arfken, G.B. and Weber, H.J. and Harris, F.E.},
  isbn      = {9780123846549},
  lccn      = {2012418308},
  year      = {2013},
  publisher = {Elsevier Science}
}
@misc{El-Deeb_PEU-455_Assignments,
  author  = {El-Deeb, M.H.},
  license = {MIT},
  title   = {\href{https://github.com/mhdeeb/peu-455-latex}{PEU-455 Assignments}}
}